<?xml version="1.0" encoding="UTF-8"?><collection xmlns="http://www.loc.gov/MARC21/slim"><record><leader>00494nam--2200193-u-4500</leader><controlfield tag="001">000056011</controlfield><controlfield tag="002">20161230</controlfield><controlfield tag="005">20161230201052</controlfield><controlfield tag="008">141114s1000------------r-----000-0-rum-d</controlfield><datafield ind1=" " ind2=" " tag="020"><subfield code="a">9786065753938</subfield></datafield><datafield ind1=" " ind2=" " tag="040"><subfield code="a">IFIN-HH</subfield></datafield><datafield ind1=" " ind2=" " tag="041"><subfield code="a">rum</subfield></datafield><datafield ind1=" " ind2=" " tag="080"><subfield code="a">027.8</subfield></datafield><datafield ind1="1" ind2=" " tag="100"><subfield code="a">Argatu, Daniela</subfield></datafield><datafield ind1="1" ind2="0" tag="245"><subfield code="a">Ghidul bibliotecarului scolar. eurocompetente profesionale</subfield><subfield code="c">Daniela argatu</subfield></datafield><datafield ind1=" " ind2=" " tag="260"><subfield code="a">Iasi</subfield><subfield code="b">Editura Stef</subfield><subfield code="c">2014</subfield></datafield><datafield ind1=" " ind2=" " tag="300"><subfield code="a">353P</subfield></datafield><datafield ind1=" " ind2=" " tag="852"><subfield code="a">82389</subfield><subfield code="c">02</subfield></datafield><datafield ind1=" " ind2=" " tag="CAT"><subfield code="a">Sys</subfield><subfield code="c">20141114</subfield><subfield code="h">161930</subfield></datafield></record></collection>